<?xml version="1.0" encoding="UTF-8"?><collection xmlns="http://www.loc.gov/MARC21/slim"><record><leader>00405nam--2200133-i-4500</leader><controlfield tag="001">000039884</controlfield><controlfield tag="002">20161230</controlfield><controlfield tag="005">20161230201042</controlfield><controlfield tag="008">060222s1000------------r-----000-0-eng-d</controlfield><datafield ind1=" " ind2=" " tag="080"><subfield code="a">553.495:537.533.35(043)</subfield></datafield><datafield ind1=" " ind2=" " tag="100"><subfield code="a">Rouzaud, Jean-noel</subfield></datafield><datafield ind1=" " ind2=" " tag="245"><subfield code="a">Etude structurale de matieres carbonees associees a des mineralisations uraniferes. these</subfield></datafield><datafield ind1=" " ind2=" " tag="260"><subfield code="a">Orleans, Univ., 1979, 109 P.+ 36 Fig</subfield></datafield><datafield ind1=" " ind2=" " tag="852"><subfield code="a">49834</subfield></datafield></record></collection>